@inproceedings{dang2009image,
  title={Image computation for polynomial dynamical systems using the Bernstein expansion},
  author={Dang, Thao and Salinas, David},
  booktitle={International Conference on Computer Aided Verification},
  pages={219--232},
  year={2009},
  organization={Springer}
}


@article{dang2012reachability,
  title={Reachability Analysis for Polynomial Dynamical Systems Using the Bernstein Expansion.},
  author={Dang, Thao and Testylier, Romain},
  journal={Reliable Computing},
  volume={17},
  number={2},
  pages={128--152},
  year={2012},
  publisher={Citeseer}
}


@inproceedings{sassi2012reachability,
  title={Reachability analysis of polynomial systems using linear programming relaxations},
  author={Sassi, Mohamed Amin Ben and Testylier, Romain and Dang, Thao and Girard, Antoine},
  booktitle={International Symposium on Automated Technology for Verification and Analysis},
  pages={137--151},
  year={2012},
  organization={Springer}
}


@inproceedings{dang2014parameter,
  title={Parameter synthesis using parallelotopic enclosure and applications to epidemic models},
  author={Dang, Thao and Dreossi, Tommaso and Piazza, Carla},
  booktitle={International Workshop on Hybrid Systems Biology},
  pages={67--82},
  year={2014},
  organization={Springer}
}

@inproceedings{dreossi2016parallelotope,
  title={Parallelotope bundles for polynomial reachability},
  author={Dreossi, Tommaso and Dang, Thao and Piazza, Carla},
  booktitle={Proceedings of the 19th International Conference on Hybrid Systems: Computation and Control},
  pages={297--306},
  year={2016}
}


@inproceedings{dreossi2017sapo,
  title={Sapo: Reachability computation and parameter synthesis of polynomial dynamical systems},
  author={Dreossi, Tommaso},
  booktitle={Proceedings of the 20th International Conference on Hybrid Systems: Computation and Control},
  pages={29--34},
  year={2017}
}


@article{dreossi2017reachability,
  title={Reachability computation for polynomial dynamical systems},
  author={Dreossi, Tommaso and Dang, Thao and Piazza, Carla},
  journal={Formal Methods in System Design},
  volume={50},
  number={1},
  pages={1--38},
  year={2017},
  publisher={Springer}
}


@article{nataray2002algorithm,
  title={An algorithm for global optimization using the Taylor--Bernstein form as inclusion function},
  author={Nataray, PSV and Kotecha, K},
  journal={Journal of Global Optimization},
  volume={24},
  number={4},
  pages={417--436},
  year={2002},
  publisher={Springer}
}


@article{garloff2003bernstein,
  title={The Bernstein expansion and its applications},
  author={Garloff, J{\"u}rgen},
  journal={Journal of the American Romanian Academy},
  volume={25},
  pages={27},
  year={2003}
}

@article{smith2009fast,
  title={Fast construction of constant bound functions for sparse polynomials},
  author={Smith, Andrew Paul},
  journal={Journal of Global Optimization},
  volume={43},
  number={2-3},
  pages={445--458},
  year={2009},
  publisher={Springer}
}

@article{nataraj2007new,
  title={A new subdivision algorithm for the Bernstein polynomial approach to global optimization},
  author={Nataraj, Paluri SV and Arounassalame, M},
  journal={International journal of automation and computing},
  volume={4},
  number={4},
  pages={342--352},
  year={2007},
  publisher={Springer}
}

@article{munoz2013formalization,
  title={Formalization of Bernstein polynomials and applications to global optimization},
  author={Mu{\~n}oz, C{\'e}sar and Narkawicz, Anthony},
  journal={Journal of Automated Reasoning},
  volume={51},
  number={2},
  pages={151--196},
  year={2013},
  publisher={Springer}
}

