@book{odonnell,
title={Analysis of Boolean Functions},
author="Ryan O'Donnell",
publisher="Cambridge University Press",
year="2014"
}

@misc{hatami,
title={Harmonic Analysis of Boolean Function},
author="Hamed Hatami",
publisher={School of Computer Science, McGill University}
}

@article{lmn,
author = {Linial, Nathan and Mansour, Yishay and Nisan, Noam},
title = {Constant Depth Circuits, Fourier Transform, and Learnability},
year = {1993},
issue_date = {July 1993},
publisher = {Association for Computing Machinery},
address = {New York, NY, USA},
volume = {40},
number = {3},
issn = {0004-5411},
url = {https://doi.org/10.1145/174130.174138},
doi = {10.1145/174130.174138},
journal = {J. ACM},
month = jul,
pages = {607â€“620},
numpages = {14},
}

@InProceedings{tal,
author =	{Avishay Tal},
title =	{{Tight Bounds on the Fourier Spectrum of AC0}},
booktitle =	{32nd Computational Complexity Conference (CCC 2017)},
pages =	{15:1--15:31},
series =	{Leibniz International Proceedings in Informatics (LIPIcs)},
ISBN =	{978-3-95977-040-8},
ISSN =	{1868-8969},
year =	{2017},
volume =	{79},
editor =	{Ryan O'Donnell},
publisher =	{Schloss Dagstuhl--Leibniz-Zentrum fuer Informatik},
address =	{Dagstuhl, Germany},
URL =		{http://drops.dagstuhl.de/opus/volltexte/2017/7525},
URN =		{urn:nbn:de:0030-drops-75258},
doi =		{10.4230/LIPIcs.CCC.2017.15},
annote =	{Keywords: bounded depth circuits, Fourier analysis, k-wise independence, Boolean circuits, switching lemma}
}
